<record><leader>00000cas a22000007a 4500</leader><controlfield tag="001">12872405</controlfield><controlfield tag="008">851205d1855185unjuwr ne      0    0eng d</controlfield><datafield ind1=" " ind2=" " tag="010"><subfield code="a">sn 85027012 </subfield></datafield><datafield ind1=" " ind2=" " tag="040"><subfield code="a">NPX</subfield><subfield code="b">eng</subfield><subfield code="c">NPX</subfield><subfield code="d">OCLCQ</subfield></datafield><datafield ind1=" " ind2=" " tag="042"><subfield code="a">msc</subfield></datafield><datafield ind1="0" ind2="4" tag="245"><subfield code="a">The Shanghai: something tall.</subfield></datafield><datafield ind1="1" ind2="3" tag="246"><subfield code="a">Shanghai</subfield></datafield><datafield ind1=" " ind2=" " tag="260"><subfield code="a">Chanceville [i.e. New Monmouth], N.J. :</subfield><subfield code="b">A.B. Hallenbake</subfield></datafield><datafield ind1=" " ind2=" " tag="300"><subfield code="a">v. :</subfield><subfield code="b">ill.</subfield></datafield><datafield ind1=" " ind2=" " tag="310"><subfield code="a">Weekly</subfield></datafield><datafield ind1="1" ind2=" " tag="362"><subfield code="a">Began with Aug. 18, 1855 issue?</subfield><subfield code="z">Cf. "Checklist of Monmouth Co. newspapers ..." Monmouth Co. Historical Assn. bull. vol. 1, no. 1 (May 1935): 12-34.</subfield></datafield><datafield ind1=" " ind2=" " tag="500"><subfield code="a">Title ornament superimposed over "Shanghai."</subfield></datafield><datafield ind1=" " ind2=" " tag="500"><subfield code="a">Editor: A.B. Hallenbake, &lt;1856&gt;.</subfield></datafield><datafield ind1=" " ind2=" " tag="588"><subfield code="a">Description based on: Vol. 1, no. 42 (July 5, 1856).</subfield></datafield><datafield ind1=" " ind2=" " tag="752"><subfield code="a">United States</subfield><subfield code="b">New Jersey</subfield><subfield code="c">Monmouth</subfield><subfield code="d">New Monmouth.</subfield></datafield><datafield ind1=" " ind2=" " tag="752"><subfield code="a">United States</subfield><subfield code="b">New Jersey</subfield><subfield code="c">Monmouth</subfield><subfield code="d">Chanceville.</subfield></datafield><datafield ind1="1" ind2=" " tag="029"><subfield code="a">AU@</subfield><subfield code="b">000025832048</subfield></datafield></record>